@misc{adoption-survey,
	title = {Cloud Computing Adoption Survey Results},
	howpublished = "\url{http://www.thehostingnews.com/cloud-computing-adoption-survey-results-released-12517.html}"
	year = {2010},
	note = "[Online; Accessed: 28 September, 2011]",
}

@inproceedings{SELinux,
    author = {Loscocco, Peter A. and Smalley, Stephen D.},
    booktitle = {Proceedings of the 2001 Ottawa Linux Symposium},
    citeulike-article-id = {2402639},
    citeulike-linkout-0 = {http://lwn.net/2001/features/OLS/pdf/pdf/selinux.pdf},
    keywords = {access-control, operating-system, security},
    posted-at = {2008-02-20 12:08:13},
    priority = {2},
    title = {Meeting Critical Security Objectives with {Security-Enhanced} Linux},
    url = {http://lwn.net/2001/features/OLS/pdf/pdf/selinux.pdf},
    year = {2001}
}

@inproceedings{controlling-data-in-the-cloud,
	author = {Chow, Richard and Golle, Philippe and Jakobsson, Markus and Shi, Elaine and Staddon, Jessica and Masuoka, Ryusuke and Molina, Jesus},
	title = {Controlling data in the cloud: outsourcing computation without outsourcing control},
	booktitle = {Proceedings of the 2009 ACM workshop on Cloud computing security},
	series = {CCSW '09},
	year = {2009},
	isbn = {978-1-60558-784-4},
	location = {Chicago, Illinois, USA},
	pages = {85--90},
	numpages = {6},
	url = {http://doi.acm.org/10.1145/1655008.1655020},
	doi = {http://doi.acm.org/10.1145/1655008.1655020},
	acmid = {1655020},
	publisher = {ACM},
	address = {New York, NY, USA},
	keywords = {cloud computing, privacy, security},
} 

@techreport{ENISA,
	author = {Catteddu, D. and Hogben, G.},
	citeulike-article-id = {7953098},
	institution = {Technical Report. European Network and Information Security Agency},
	posted-at = {2010-10-06 19:22:42},
	priority = {2},
	title = {{Cloud Computing: benefits, risks and recommendations for information security}},
	year = {2009}
}

@inproceedings{amazon-ec2-vulnerability,
	author = {Ristenpart, Thomas and Tromer, Eran and Shacham, Hovav and Savage, Stefan},
	title = {Hey, you, get off of my cloud: exploring information leakage in third-party compute clouds},
	booktitle = {Proceedings of the 16th ACM conference on Computer and communications security},
	series = {CCS '09},
	year = {2009},
	isbn = {978-1-60558-894-0},
	location = {Chicago, Illinois, USA},
	pages = {199--212},
	numpages = {14},
	url = {http://doi.acm.org/10.1145/1653662.1653687},
	doi = {http://doi.acm.org/10.1145/1653662.1653687},
	acmid = {1653687},
	publisher = {ACM},
	address = {New York, NY, USA},
	keywords = {cloud computing, side channels, virtual machine security},
}

@inproceedings{dropbox-vulnerability,
	author = {Mulazzani, Martin and Schrittwieser, Sebastian and Leithner, Manuel and Huber, Markus and Weippl, Edgar},
	title = {Dark clouds on the horizon: using cloud storage as attack vector and online slack space},
	booktitle = {Proceedings of the 20th USENIX conference on Security},
	series = {SEC'11},
	year = {2011},
	location = {San Francisco, CA},
	pages = {5--5},
	numpages = {1},
	url = {http://dl.acm.org/citation.cfm?id=2028067.2028072},
	acmid = {2028072},
	publisher = {USENIX Association},
	address = {Berkeley, CA, USA},
} 

@misc{morgan-stanley,
	title = {Cloud Computing Takes Off},
	organization = {Morgan-Stanley},
	howpublished = "\url{http://www.morganstanley.com/views/ perspectives/cloud_computing.pdf}",
	month = {May},
	year = {2011},
	note = "[Online; Accessed: December 1, 2011]",
}

@inproceedings{cryptographic-cloud-storage,
	author = {Kamara, Seny and Lauter, Kristin},
	title = {Cryptographic cloud storage},
	booktitle = {Proceedings of the 14th international conference on Financial cryptograpy and data security},
	series = {FC'10},
	year = {2010},
	isbn = {3-642-14991-X, 978-3-642-14991-7},
	location = {Tenerife, Canary Islands, Spain},
	pages = {136--149},
	numpages = {14},
	url = {http://dl.acm.org/citation.cfm?id=1894863.1894876},
	acmid = {1894876},
	publisher = {Springer-Verlag},
	address = {Berlin, Heidelberg},
} 

@article{towards-secure-cloud-storage, 
	title={Towards secure cloud storage}, 
	journal={Demo for CloudCom2010}, 
	author={Shin, S H and Kobara, Kazukuni}, 
	year={2010}
}

@INPROCEEDINGS{towards-trusted-cloud-computing,
	author = {Nuno Santos and Krishna P. Gummadi and Rodrigo Rodrigues},
	title = {Towards Trusted Cloud Computing},
	booktitle = {HOTCLOUD},
	year = {2009},
	publisher = {USENIX}
}

@inproceedings{seeding-clouds-with-trust-anchors,
	author = {Schiffman, Joshua and Moyer, Thomas and Vijayakumar, Hayawardh and Jaeger, Trent and McDaniel, Patrick},
	title = {Seeding clouds with trust anchors},
	booktitle = {Proceedings of the 2010 ACM workshop on Cloud computing security workshop},
	series = {CCSW '10},
	year = {2010},
	isbn = {978-1-4503-0089-6},
	location = {Chicago, Illinois, USA},
	pages = {43--46},
	numpages = {4},
	url = {http://doi.acm.org/10.1145/1866835.1866843},
	doi = {http://doi.acm.org/10.1145/1866835.1866843},
	acmid = {1866843},
	publisher = {ACM},
	address = {New York, NY, USA},
	keywords = {cloud computing, integrity measurement},
} 

@INPROCEEDINGS{terra,
	author = {Tal Garfinkel and Ben Pfaff and Jim Chow and Mendel Rosenblum and Dan Boneh},
	title = {Terra: a virtual machine-based platform for trusted computing},
	booktitle = {},
	year = {2003},
	pages = {193--206},
	publisher = {ACM Press}
}

@INPROCEEDINGS{semantic-remote,
	author = {Vivek Haldar and Deepak Chandra and Michael Franz},
	title = {Semantic Remote Attestation - A Virtual Machine directed approach to Trusted Computing},
	booktitle = {USENIX Virtual Machine Research and Technology Symposium},
	year = {2004},
	pages = {29--41}
}

@inproceedings{integrity-1,
	author = {Sailer, Reiner and Zhang, Xiaolan and Jaeger, Trent and van Doorn, Leendert},
	title = {Design and implementation of a TCG-based integrity measurement architecture},
	booktitle = {Proceedings of the 13th conference on USENIX Security Symposium - Volume 13},
	series = {SSYM'04},
	year = {2004},
	location = {San Diego, CA},
	pages = {16--16},
	numpages = {1},
	url = {http://dl.acm.org/citation.cfm?id=1251375.1251391},
	acmid = {1251391},
	publisher = {USENIX Association},
	address = {Berkeley, CA, USA},
} 

@INPROCEEDINGS{integrity-2,
	author = {Umesh Shankar},
	title = {Toward automated information-flow integrity verification for security-critical applications},
	booktitle = {In Proceedings of the 2006 ISOC Networked and Distributed Systems Security Symposium (NDSSâ€™06)},
	year = {2006}
}

@inproceedings{integrity-3,
   author = {Kil, Chongkyung and Sezer, Emre C. and Azab, Ahmed M. and Ning, Peng and Zhang, Xiaolan},
   title = {ReDAS: A Remote Dynamic Attestation System Based on Constraint Verification},
   booktitle = {Proceedings of the 39th Annual IEEE/IFIP International Conference on Dependable Systems and Networks (DSN 2009)},
   citeulike-article-id = {5538844},
   keywords = {integrity, runtime-attestation, trusted-computing},
   posted-at = {2009-08-21 18:02:02}
}

@article{integrity-4,
	author = {Joshua Schiffman and Thomas Moyer and Christopher Shal and Trent Jaeger and Patrick McDaniel},
	title = {Justifying Integrity Using a Virtual Machine Verifier},
	journal = {Computer Security Applications Conference, Annual},
	volume = {0},
	issn = {1063-9527},
	year = {2009},
	pages = {83-92},
	doi = {http://doi.ieeecomputersociety.org/10.1109/ACSAC.2009.18},
	publisher = {IEEE Computer Society},
	address = {Los Alamitos, CA, USA},
}

@INPROCEEDINGS{secure-cloud-core, 
	author={Tolnai, A. and von Solms, S.H.}, 
	booktitle={Broadband, Wireless Computing, Communication and Applications (BWCCA), 2010 International Conference on}, 
	title={Securing the Cloud's Core Virtual Infrastructure}, 
	year={2010}, 
	month={nov.}, 
	volume={}, 
	number={}, 
	pages={447 -452}, 
	keywords={CSP;cloud computing environment;cloud service providers;core elements;employed virtualization layers;hyper visor;relevant security measures;security controls;security risks;virtual environment;virtual infrastructure;virtualized architecture;Internet;security of data;software architecture;virtual reality;}, 
	doi={10.1109/BWCCA.2010.112}, 
	ISSN={},
}

@inproceedings{SSL,
	author = {Wagner, David and Schneier, Bruce},
	title = {Analysis of the SSL 3.0 protocol},
	booktitle = {Proceedings of the 2nd conference on Proceedings of the Second USENIX Workshop on Electronic Commerce - Volume 2},
	year = {1996},
	location = {Oakland, California},
	pages = {4--4},
	numpages = {1},
	url = {http://dl.acm.org/citation.cfm?id=1267167.1267171},
	acmid = {1267171},
	publisher = {USENIX Association},
	address = {Berkeley, CA, USA},
} 

@misc{TCG,
	title = {Trusted Computing Group},
	howpublished = {http://www.trustedcomputinggroup.org},
	year = {2010},
	note = "[Online; Accessed: 28 Sept, 2011]",
}

@article{end-to-end,
	author = {Saltzer, J. H. and Reed, D. P. and Clark, D. D.},
	title = {End-to-end arguments in system design},
	journal = {ACM Trans. Comput. Syst.},
	volume = {2},
	issue = {4},
	month = {November},
	year = {1984},
	issn = {0734-2071},
	pages = {277--288},
	numpages = {12},
	url = {http://doi.acm.org/10.1145/357401.357402},
	doi = {http://doi.acm.org/10.1145/357401.357402},
	acmid = {357402},
	publisher = {ACM},
	address = {New York, NY, USA},
	keywords = {data communication, design principles, protocol design},
} 

@TECHREPORT{disk-encryption,
    author = {Clemens Fruhwirth},
    title = {New methods in hard disk encryption},
    institution = {},
    year = {2005}
}

@inproceedings{truecrypt,
	author = {Czeskis, Alexei and Hilaire, David J. St. and Koscher, Karl and Gribble, Steven D. and Kohno, Tadayoshi and Schneier, Bruce},
	title = {Defeating encrypted and deniable file systems: TrueCrypt v5.1a and the case of the tattling OS and applications},
	booktitle = {Proceedings of the 3rd conference on Hot topics in security},
	year = {2008},
	location = {San Jose, CA},
	pages = {7:1--7:7},
	articleno = {7},
	numpages = {7},
	url = {http://dl.acm.org/citation.cfm?id=1496671.1496678},
	acmid = {1496678},
	publisher = {USENIX Association},
	address = {Berkeley, CA, USA},
} 

@misc{nss,
	title = {Network Security Services},
	howpublished = "\url{http://www.mozilla.org/projects/security/pki/nss}",
	note = "[Online; Accessed: December 1, 2011]"
}

@misc{xCAT,
	title = {Extreme Cloud Administration Toolkit},
	howpublished = "\url{http://xcat.sourceforge.net}",
	note = "[Online; Accessed: December 1, 2011]"
}

@misc{KVM,
	title = {Kernel-based Virtual Machine},
	howpublished = "\url{http://www.linux-kvm.org/}",
	note = "[Online; Accessed: December 1, 2011]"
}

@misc{vcl,
author={Sam Averitt, Michael Bugaev, Aaron Peeler, Henry Shaffer, Eric Sills, Sarah Stein, Josh Thompson,
Mladen Vouk},
title={Virtual Computing Laboratory (VCL)},
year={2007},
month={May},
howpublished = "\url{http://renoir.csc.ncsu.edu/Faculty/Vouk/Papers-Public/VCL_ICVCI_May07.pdf}",
keywords={Internet;NCSU;Virtual Computing Lab;cloud computing solution;cost savings;diverse computing services;Internet;computer aided instruction;cost accounting;educational institutions;laboratories;}

@misc{openssl-vulnerabilities,
	title = {OpenSSL Vulnerability News},
	howpublished = "\url{http://www.openssl.org/news/vulnerabilities.html}",
	note = "[Online; Accessed: December 1, 2011]"
}

@inproceedings{Arbaugh:1997:SRB:882493.884371,
	author = {Arbaugh, W. A. and Farber, D. J. and Smith, J. M.},
	title = {A secure and reliable bootstrap architecture},
	booktitle = {Proceedings of the 1997 IEEE Symposium on Security and Privacy},
	series = {SP '97},
	year = {1997},
	pages = {65--},
	url = {http://dl.acm.org/citation.cfm?id=882493.884371},
	acmid = {884371},
	publisher = {IEEE Computer Society},
	address = {Washington, DC, USA},
	keywords = {AEGIS architecture, Internet commerce, active networks, bootstrap architecture, computer bootstrapping, hardware validity, initialization, integrity chain, integrity check failures, lower-layer integrity, recovery process, reliability, robust systems, security, system integrity guarantees, transitions},
}

@INPROCEEDINGS{Garfinkel03flexibleos,
	author = {Tal Garfinkel and Mendel Rosenblum and Dan Boneh},
	title = {Flexible OS Support and Applications for Trusted Computing},
	booktitle = {IN 9TH HOT TOPICS IN OPERATING SYSTEMS (HOTOS-IX)},
	year = {2003},
	pages = {145--150},
	publisher = {}
}

@article {springerlink:10.1007/s10207-011-0124-7,
   author = {Coker, George and Guttman, Joshua and Loscocco, Peter and Herzog, Amy and Millen, Jonathan and Oâ€™Hanlon, Brian and Ramsdell, John and Segall, Ariel and Sheehy, Justin and Sniffen, Brian},
   affiliation = {National Security Agency, Bedford, MA, USA},
   title = {Principles of remote attestation},
   journal = {International Journal of Information Security},
   publisher = {Springer Berlin / Heidelberg},
   issn = {1615-5262},
   keyword = {Computer Science},
   pages = {63-81},
   volume = {10},
   issue = {2},
   url = {http://dx.doi.org/10.1007/s10207-011-0124-7},
   note = {10.1007/s10207-011-0124-7},
   year = {2011}
}

@ARTICLE{5429056,
author={Vouk, M. A. and Rindos, A. and Averitt, S. F. and Bass, J. and Bugaev, M. and Kurth, A. and Peeler, A. and Schaffer, H. E. and Sills, E. D. and Stein, S. and Thompson, J. and Valenzisi, M.},
journal={IBM Journal of Research and Development},
title={Using VCL technology to implement distributed reconfigurable data centers and computational services for educational institutions},
year={2009},
month={july },
volume={53},
number={4},
pages={2:1 -2:18},
keywords={},
doi={10.1147/JRD.2009.5429056},
ISSN={0018-8646}}

@inproceedings{Armknecht:2008:EIT:1456455.1456462,
 author = {Armknecht, Frederik and Gasmi, Yacine and Sadeghi, Ahmad-Reza and Stewin, Patrick and Unger, Martin and Ramunno, Gianluca and Vernizzi, Davide},
 title = {An efficient implementation of trusted channels based on openssl},
 booktitle = {Proceedings of the 3rd ACM workshop on Scalable trusted computing},
 series = {STC '08},
 year = {2008},
 isbn = {978-1-60558-295-5},
 location = {Alexandria, Virginia, USA},
 pages = {41--50},
 numpages = {10},
 url = {http://doi.acm.org/10.1145/1456455.1456462},
 doi = {http://doi.acm.org/10.1145/1456455.1456462},
 acmid = {1456462},
 publisher = {ACM},
 address = {New York, NY, USA},
 keywords = {attestation, openSSL, transport layer security (TLS), trusted channel, trusted computing (TC)},
}

@inproceedings{conf/ndss/McCunePR09,
	author = {McCune, Jonathan M. and Perrig, Adrian and Reiter, Michael K.},
	booktitle = {NDSS},
	crossref = {conf/ndss/2009},
	interhash = {c3f2c174718bab75182f3f15a0e42cee},
	intrahash = {205f6a3be1b517b763eeec0899217576},
	publisher = {The Internet Society},
	title = {Safe Passage for Passwords and Other Sensitive Data.},
	url = {http://dblp.uni-trier.de/db/conf/ndss/ndss2009.html#McCunePR09},
	year = 2009,
	timestamp = {2009-06-18T00:00:00.000+0200},
	keywords = {dblp},
	ee = {http://www.isoc.org/isoc/conferences/ndss/09/pdf/18.pdf},
	added-at = {2009-06-18T00:00:00.000+0200},
	description = {dblp},
	biburl = {http://www.bibsonomy.org/bibtex/2205f6a3be1b517b763eeec0899217576/dblp},
	date = {2009-06-18}
}

@misc{Amazon-web-services,
	title = {Amazon Web Services: Overview of Security Processes},
	organization = {Amazon},
	url = {http://d36cz9buwru1tt.cloudfront.net/pdf/AWS_Security_Whitepaper.pdf},
	month = {May},
	year = {2011}, 
}
