@article{10.1109/ACSAC.2009.18,
	author = {Joshua Schiffman and Thomas Moyer and Christopher Shal and Trent Jaeger and Patrick McDaniel},
	title = {Justifying Integrity Using a Virtual Machine Verifier},
	journal ={Computer Security Applications Conference, Annual},
	volume = {0},
	issn = {1063-9527},
	year = {2009},
	pages = {83-92},
	doi = {http://doi.ieeecomputersociety.org/10.1109/ACSAC.2009.18},
	publisher = {IEEE Computer Society},
	address = {Los Alamitos, CA, USA},
}

@misc{Amazon-web-services,
	title = {Amazon Web Services: Overview of Security Processes},
	organization = {Amazon},
	url = {http://d36cz9buwru1tt.cloudfront.net/pdf/AWS_Security_Whitepaper.pdf},
	month = {May},
	year = {2011}, 
}

@inproceedings{Arbaugh:1997:SRB:882493.884371,
	author = {Arbaugh, W. A. and Farber, D. J. and Smith, J. M.},
	title = {A secure and reliable bootstrap architecture},
	booktitle = {Proceedings of the 1997 IEEE Symposium on Security and Privacy},
	series = {SP '97},
	year = {1997},
	pages = {65--},
	url = {http://dl.acm.org/citation.cfm?id=882493.884371},
	acmid = {884371},
	publisher = {IEEE Computer Society},
	address = {Washington, DC, USA},
	keywords = {AEGIS architecture, Internet commerce, active networks, bootstrap architecture, computer bootstrapping, hardware validity, initialization, integrity chain, integrity check failures, lower-layer integrity, recovery process, reliability, robust systems, security, system integrity guarantees, transitions},
}

@inproceedings{Schiffman:2010:SCT:1866835.1866843,
	author = {Schiffman, Joshua and Moyer, Thomas and Vijayakumar, Hayawardh and Jaeger, Trent and McDaniel, Patrick},
	title = {Seeding clouds with trust anchors},
	booktitle = {Proceedings of the 2010 ACM workshop on Cloud computing security workshop},
	series = {CCSW '10},
	year = {2010},
	isbn = {978-1-4503-0089-6},
	location = {Chicago, Illinois, USA},
	pages = {43--46},
	numpages = {4},
	url = {http://doi.acm.org/10.1145/1866835.1866843},
	doi = {http://doi.acm.org/10.1145/1866835.1866843},
	acmid = {1866843},
	publisher = {ACM},
	address = {New York, NY, USA},
	keywords = {cloud computing, integrity measurement},
} 

@misc{adoption-survey,
	title = {Cloud Computing Adoption Survey Results},
	year = {2010},
	note = "Last accessed: 28 September, 2011. \url{http://www.thehostingnews.com/cloud-computing-adoption -survey-results-released-12517.html}",
}

@TECHREPORT{Tygar91dyad:a,
	author = {J. D. Tygar and Bennet Yee},
	title = {Dyad: A System for Using Physically Secure Coprocessors},
	institution = {Proceedings of the Joint Harvard-MIT Workshop on Technological Strategies for the Protection of Intellectual Property in the Network Multimedia Environment},
	year = {1991}
}

@INPROCEEDINGS{Santos09towardstrusted,
	author = {Nuno Santos and Krishna P. Gummadi and Rodrigo Rodrigues},
	title = {Towards Trusted Cloud Computing},
	booktitle = {HOTCLOUD},
	year = {2009},
	publisher = {USENIX}
}

@INPROCEEDINGS{Garfinkel03terra:a,
	author = {Tal Garfinkel and Ben Pfaff and Jim Chow and Mendel Rosenblum and Dan Boneh},
	title = {Terra: a virtual machine-based platform for trusted computing},
	booktitle = {},
	year = {2003},
	pages = {193--206},
	publisher = {ACM Press}
}

@INPROCEEDINGS{Haldar04semanticremote,
	author = {Vivek Haldar and Deepak Chandra and Michael Franz},
	title = {Semantic Remote Attestation - A Virtual Machine directed approach to Trusted Computing},
	booktitle = {USENIX Virtual Machine Research and Technology Symposium},
	year = {2004},
	pages = {29--41}
}

@INPROCEEDINGS{Garfinkel03flexibleos,
	author = {Tal Garfinkel and Mendel Rosenblum and Dan Boneh},
	title = {Flexible OS Support and Applications for Trusted Computing},
	booktitle = {IN 9TH HOT TOPICS IN OPERATING SYSTEMS (HOTOS-IX)},
	year = {2003},
	pages = {145--150},
	publisher = {}
}

@INPROCEEDINGS{Berger:2006:VVT:1267336.1267357,
	author = {Berger, Stefan and C\'{a}ceres, Ram\'{o}n and Goldman, Kenneth A. and Perez, Ronald and Sailer, Reiner and van Doorn, Leendert},
	title = {vTPM: virtualizing the trusted platform module},
	booktitle = {Proceedings of the 15th conference on USENIX Security Symposium - Volume 15},
	year = {2006},
	location = {Vancouver, B.C., Canada},
	articleno = {21},
	url = {http://dl.acm.org/citation.cfm?id=1267336.1267357},
	acmid = {1267357},
	publisher = {USENIX Association},
	address = {Berkeley, CA, USA},
} 

@inproceedings{Sailer:2004:DIT:1251375.1251391,
	author = {Sailer, Reiner and Zhang, Xiaolan and Jaeger, Trent and van Doorn, Leendert},
	title = {Design and implementation of a TCG-based integrity measurement architecture},
	booktitle = {Proceedings of the 13th conference on USENIX Security Symposium - Volume 13},
	series = {SSYM'04},
	year = {2004},
	location = {San Diego, CA},
	pages = {16--16},
	numpages = {1},
	url = {http://dl.acm.org/citation.cfm?id=1251375.1251391},
	acmid = {1251391},
	publisher = {USENIX Association},
	address = {Berkeley, CA, USA},
} 

@article{10.1109/SRDS.2006.41,
	author = {Santosh Shrivastava},
	title = {Satem: Trusted Service Code Execution across Transactions},
	journal ={Reliable Distributed Systems, IEEE Symposium on},
	volume = {0},
	issn = {1060-9857},
	year = {2006},
	pages = {337-338},
	doi = {http://doi.ieeecomputersociety.org/10.1109/SRDS.2006.41},
	publisher = {IEEE Computer Society},
	address = {Los Alamitos, CA, USA},
}

@inproceedings{conf/ndss/McCunePR09,
	author = {McCune, Jonathan M. and Perrig, Adrian and Reiter, Michael K.},
	booktitle = {NDSS},
	crossref = {conf/ndss/2009},
	interhash = {c3f2c174718bab75182f3f15a0e42cee},
	intrahash = {205f6a3be1b517b763eeec0899217576},
	publisher = {The Internet Society},
	title = {Safe Passage for Passwords and Other Sensitive Data.},
	url = {http://dblp.uni-trier.de/db/conf/ndss/ndss2009.html#McCunePR09},
	year = 2009,
	timestamp = {2009-06-18T00:00:00.000+0200},
	keywords = {dblp},
	ee = {http://www.isoc.org/isoc/conferences/ndss/09/pdf/18.pdf},
	added-at = {2009-06-18T00:00:00.000+0200},
	description = {dblp},
	biburl = {http://www.bibsonomy.org/bibtex/2205f6a3be1b517b763eeec0899217576/dblp},
	date = {2009-06-18}
}

@INPROCEEDINGS{Shankar06towardautomated,
	author = {Umesh Shankar},
	title = {Toward automated information-flow integrity verification for security-critical applications},
	booktitle = {In Proceedings of the 2006 ISOC Networked and Distributed Systems Security Symposium (NDSS’06)},
	year = {2006}
}

@article{10.1109/SP.1987.10001,
	author = {David D. Clark and David R. Wilson},
	title = {A Comparison of Commercial and Military Computer Security Policies},
	journal ={Security and Privacy, IEEE Symposium on},
	volume = {0},
	issn = {1540-7993},
	year = {1987},
	pages = {184},
	doi = {http://doi.ieeecomputersociety.org/10.1109/SP.1987.10001},
	publisher = {IEEE Computer Society},
	address = {Los Alamitos, CA, USA},
}


@misc{tcg,
	title = {Trusted Computing Group},
	year = {2010},
	note = "Last accessed: 28 Sept, 2011. \url{http://www.trustedcomputinggroup.org/}",
}

@inproceedings{Barham:2003:XAV:945445.945462,
	author = {Barham, Paul and Dragovic, Boris and Fraser, Keir and Hand, Steven and Harris, Tim and Ho, Alex and Neugebauer, Rolf and Pratt, Ian and Warfield, Andrew},
	title = {Xen and the art of virtualization},
	booktitle = {Proceedings of the nineteenth ACM symposium on Operating systems principles},
	series = {SOSP '03},
	year = {2003},
	isbn = {1-58113-757-5},
	location = {Bolton Landing, NY, USA},
	pages = {164--177},
	numpages = {14},
	url = {http://doi.acm.org/10.1145/945445.945462},
	doi = {http://doi.acm.org/10.1145/945445.945462},
	acmid = {945462},
	publisher = {ACM},
	address = {New York, NY, USA},
	keywords = {hypervisors, paravirtualization, virtual machine monitors},
} 

@inproceedings{Wagner:1996:ASP:1267167.1267171,
	author = {Wagner, David and Schneier, Bruce},
	title = {Analysis of the SSL 3.0 protocol},
	booktitle = {Proceedings of the 2nd conference on Proceedings of the Second USENIX Workshop on Electronic Commerce - Volume 2},
	year = {1996},
	location = {Oakland, California},
	pages = {4--4},
	numpages = {1},
	url = {http://dl.acm.org/citation.cfm?id=1267167.1267171},
	acmid = {1267171},
	publisher = {USENIX Association},
	address = {Berkeley, CA, USA},
} 

@inproceedings{Gasmi:2007:BSC:1314354.1314363,
 author = {Gasmi, Yacine and Sadeghi, Ahmad-Reza and Stewin, Patrick and Unger, Martin and Asokan, N.},
 title = {Beyond secure channels},
 booktitle = {Proceedings of the 2007 ACM workshop on Scalable trusted computing},
 series = {STC '07},
 year = {2007},
 isbn = {978-1-59593-888-6},
 location = {Alexandria, Virginia, USA},
 pages = {30--40},
 numpages = {11},
 url = {http://doi.acm.org/10.1145/1314354.1314363},
 doi = {http://doi.acm.org/10.1145/1314354.1314363},
 acmid = {1314363},
 publisher = {ACM},
 address = {New York, NY, USA},
 keywords = {TLS, hypervisor, microkernel, relay attack, remote attestation, state changes, trusted channel, trusted computing, virtualization},
} 

@inproceedings{Armknecht:2008:EIT:1456455.1456462,
 author = {Armknecht, Frederik and Gasmi, Yacine and Sadeghi, Ahmad-Reza and Stewin, Patrick and Unger, Martin and Ramunno, Gianluca and Vernizzi, Davide},
 title = {An efficient implementation of trusted channels based on openssl},
 booktitle = {Proceedings of the 3rd ACM workshop on Scalable trusted computing},
 series = {STC '08},
 year = {2008},
 isbn = {978-1-60558-295-5},
 location = {Alexandria, Virginia, USA},
 pages = {41--50},
 numpages = {10},
 url = {http://doi.acm.org/10.1145/1456455.1456462},
 doi = {http://doi.acm.org/10.1145/1456455.1456462},
 acmid = {1456462},
 publisher = {ACM},
 address = {New York, NY, USA},
 keywords = {attestation, openSSL, transport layer security (TLS), trusted channel, trusted computing (TC)},
} 


@article {springerlink:10.1007/s10207-011-0124-7,
   author = {Coker, George and Guttman, Joshua and Loscocco, Peter and Herzog, Amy and Millen, Jonathan and O’Hanlon, Brian and Ramsdell, John and Segall, Ariel and Sheehy, Justin and Sniffen, Brian},
   affiliation = {National Security Agency, Bedford, MA, USA},
   title = {Principles of remote attestation},
   journal = {International Journal of Information Security},
   publisher = {Springer Berlin / Heidelberg},
   issn = {1615-5262},
   keyword = {Computer Science},
   pages = {63-81},
   volume = {10},
   issue = {2},
   url = {http://dx.doi.org/10.1007/s10207-011-0124-7},
   note = {10.1007/s10207-011-0124-7},
   year = {2011}
}

@inproceedings{Loscocco:2001:IFS:647054.715771,
 author = {Loscocco, Peter and Smalley, Stephen},
 title = {Integrating Flexible Support for Security Policies into the Linux Operating System},
 booktitle = {Proceedings of the FREENIX Track: 2001 USENIX Annual Technical Conference},
 year = {2001},
 isbn = {1-880446-10-3},
 pages = {29--42},
 numpages = {14},
 url = {http://dl.acm.org/citation.cfm?id=647054.715771},
 acmid = {715771},
 publisher = {USENIX Association},
 address = {Berkeley, CA, USA},
}

@inproceedings{citeulike:2402639,
    author = {Loscocco, Peter A. and Smalley, Stephen D.},
    booktitle = {Proceedings of the 2001 Ottawa Linux Symposium},
    citeulike-article-id = {2402639},
    citeulike-linkout-0 = {http://lwn.net/2001/features/OLS/pdf/pdf/selinux.pdf},
    keywords = {access-control, operating-system, security},
    posted-at = {2008-02-20 12:08:13},
    priority = {2},
    title = {Meeting Critical Security Objectives with {Security-Enhanced} Linux},
    url = {http://lwn.net/2001/features/OLS/pdf/pdf/selinux.pdf},
    year = {2001}
}

@INPROCEEDINGS{4041151, 
author={Jonathan M. McCune and Trent Jaeger and Stefan Berger and Ramon Caceres and Reiner Sailer}, 
booktitle={Computer Security Applications Conference, 2006. ACSAC '06. 22nd Annual}, title={Shamon: A System for Distributed Mandatory Access Control}, 
year={2006}, 
month={dec. }, 
volume={}, 
number={}, 
pages={23 -32}, 
keywords={Linux 2.6;Shamon system;Xen hypervisor;authorization;distributed computation security;distributed computations;distributed machines;distributed mandatory access control;mandatory access control policies;prototype system;reference monitor design;shared reference monitor;trusted MAC virtual machine;Linux;authorisation;distributed processing;virtual machines;}, 
doi={10.1109/ACSAC.2006.47}, 
ISSN={1063-9527},}


@inproceedings{Kamara:2010:CCS:1894863.1894876,
 author = {Kamara, Seny and Lauter, Kristin},
 title = {Cryptographic cloud storage},
 booktitle = {Proceedings of the 14th international conference on Financial cryptograpy and data security},
 series = {FC'10},
 year = {2010},
 isbn = {3-642-14991-X, 978-3-642-14991-7},
 location = {Tenerife, Canary Islands, Spain},
 pages = {136--149},
 numpages = {14},
 url = {http://dl.acm.org/citation.cfm?id=1894863.1894876},
 acmid = {1894876},
 publisher = {Springer-Verlag},
 address = {Berlin, Heidelberg},
} 

@INPROCEEDINGS{848445, 
author={Dawn Xiaoding Song and Wagner, D. and Perrig, A.}, 
booktitle={Security and Privacy, 2000. S P 2000. Proceedings. 2000 IEEE Symposium on}, title={Practical techniques for searches on encrypted data}, 
year={2000}, 
month={}, 
volume={}, 
number={}, 
pages={44 -55}, 
keywords={arbitrary word;block cipher operations;ciphertext;communication overhead;controlled searching;crypto systems;cryptographic schemes;data confidentiality;data storage servers;encrypted data;encrypted data searches;encryption;file servers;hidden queries;mail servers;plaintext;privacy risks;provable secrecy;query isolation;search result;secret word;security proofs;stream cipher;untrusted server;user authorization;computational complexity;cryptography;data privacy;file servers;information retrieval;theorem proving;}, 
doi={10.1109/SECPRI.2000.848445}, 
ISSN={},}

@inproceedings{Erway:2009:DPD:1653662.1653688,
 author = {Erway, Chris and K\"{u}p\c{c}\"{u}, Alptekin and Papamanthou, Charalampos and Tamassia, Roberto},
 title = {Dynamic provable data possession},
 booktitle = {Proceedings of the 16th ACM conference on Computer and communications security},
 series = {CCS '09},
 year = {2009},
 isbn = {978-1-60558-894-0},
 location = {Chicago, Illinois, USA},
 pages = {213--222},
 numpages = {10},
 url = {http://doi.acm.org/10.1145/1653662.1653688},
 doi = {http://doi.acm.org/10.1145/1653662.1653688},
 acmid = {1653688},
 publisher = {ACM},
 address = {New York, NY, USA},
 keywords = {authenticated data structures, authentication, integrity checking, outsourced storage, proof of retrievability, provable data possession, skip list},
} 


@inproceedings{Ateniese:2007:PDP:1315245.1315318,
 author = {Ateniese, Giuseppe and Burns, Randal and Curtmola, Reza and Herring, Joseph and Kissner, Lea and Peterson, Zachary and Song, Dawn},
 title = {Provable data possession at untrusted stores},
 booktitle = {Proceedings of the 14th ACM conference on Computer and communications security},
 series = {CCS '07},
 year = {2007},
 isbn = {978-1-59593-703-2},
 location = {Alexandria, Virginia, USA},
 pages = {598--609},
 numpages = {12},
 url = {http://doi.acm.org/10.1145/1315245.1315318},
 doi = {http://doi.acm.org/10.1145/1315245.1315318},
 acmid = {1315318},
 publisher = {ACM},
 address = {New York, NY, USA},
 keywords = {archival storage, homorphic verifiable tags, pdp, provable data possession, storage security},
}

@inproceedings{Yu:2010:ASS:1833515.1833621,
author = {Yu, Shucheng and Wang, Cong and Ren, Kui and Lou, Wenjing},
title = {Achieving secure, scalable, and fine-grained data access control in cloud computing},
booktitle = {Proceedings of the 29th conference on Information communications},
series = {INFOCOM'10},
year = {2010},
isbn = {978-1-4244-5836-3},
location = {San Diego, California, USA},
pages = {534--542},
numpages = {9},
url = {http://dl.acm.org/citation.cfm?id=1833515.1833621},
acmid = {1833621},
publisher = {IEEE Press},
address = {Piscataway, NJ, USA},
}

@TECHREPORT{Fruhwirth05newmethods,
    author = {Clemens Fruhwirth},
    title = {New methods in hard disk encryption},
    institution = {},
    year = {2005}
}
@MISC{Ferguson06aes-cbc+,
    author = {Niels Ferguson},
    title = {AES-CBC + Elephant diffuser: A disk encryption algorithm for Windows Vista. http: //www.microsoft.com/downloads/details.aspx?FamilyID},
    year = {2006}
}

@inproceedings{Czeskis:2008:DED:1496671.1496678,
 author = {Czeskis, Alexei and Hilaire, David J. St. and Koscher, Karl and Gribble, Steven D. and Kohno, Tadayoshi and Schneier, Bruce},
 title = {Defeating encrypted and deniable file systems: TrueCrypt v5.1a and the case of the tattling OS and applications},
 booktitle = {Proceedings of the 3rd conference on Hot topics in security},
 year = {2008},
 location = {San Jose, CA},
 pages = {7:1--7:7},
 articleno = {7},
 numpages = {7},
 url = {http://dl.acm.org/citation.cfm?id=1496671.1496678},
 acmid = {1496678},
 publisher = {USENIX Association},
 address = {Berkeley, CA, USA},
} 

@article{Shin_Kobara_2010, title={Towards secure cloud storage}, journal={Demo for CloudCom2010}, author={Shin, S H and Kobara, Kazukuni}, year={2010}}

@article{Halderman:2009:LWR:1506409.1506429,
 author = {Halderman, J. Alex and Schoen, Seth D. and Heninger, Nadia and Clarkson, William and Paul, William and Calandrino, Joseph A. and Feldman, Ariel J. and Appelbaum, Jacob and Felten, Edward W.},
 title = {Lest we remember: cold-boot attacks on encryption keys},
 journal = {Commun. ACM},
 issue_date = {May 2009},
 volume = {52},
 issue = {5},
 month = {May},
 year = {2009},
 issn = {0001-0782},
 pages = {91--98},
 numpages = {8},
 url = {http://doi.acm.org/10.1145/1506409.1506429},
 doi = {http://doi.acm.org/10.1145/1506409.1506429},
 acmid = {1506429},
 publisher = {ACM},
 address = {New York, NY, USA},
} 

@INPROCEEDINGS{5632337, 
author={Tolnai, A. and von Solms, S.H.}, 
booktitle={Broadband, Wireless Computing, Communication and Applications (BWCCA), 2010 International Conference on}, title={Securing the Cloud's Core Virtual Infrastructure}, 
year={2010}, 
month={nov.}, 
volume={}, 
number={}, 
pages={447 -452}, 
keywords={CSP;cloud computing environment;cloud service providers;core elements;employed virtualization layers;hyper visor;relevant security measures;security controls;security risks;virtual environment;virtual infrastructure;virtualized architecture;Internet;security of data;software architecture;virtual reality;}, 
doi={10.1109/BWCCA.2010.112}, 
ISSN={},}

@ARTICLE{5705596, 
author={Schiffman, J. and Moyer, T. and Jaeger, T. and McDaniel, P.}, 
journal={Security Privacy, IEEE}, title={Network-Based Root of Trust for Installation}, 
year={2011}, 
month={jan.-feb. }, 
volume={9}, 
number={1}, 
pages={40 -48}, 
keywords={disk image thwarts;file system;netROTI;network-based root of trust;network-based system installation method;computer network security;file organisation;}, 
doi={10.1109/MSP.2011.15}, 
ISSN={1540-7993},}

@INPROCEEDINGS{5359928, 
author={Zakaria, W.Z.A. and Parman, M.A. and Hamdan, Z. and Rohmad, M.S. and Isa, M.A.M.}, 
booktitle={Computer Technology and Development, 2009. ICCTD '09. International Conference on}, title={Secure Virtual Application Distribution}, 
year={2009}, 
month={nov.}, 
volume={1}, 
number={}, 
pages={81 -85}, 
keywords={client machine;gateway;server;trusted platform module;virtual application distribution security;virtual machine;client-server systems;internetworking;security of data;virtual machines;}, 
doi={10.1109/ICCTD.2009.56}, 
ISSN={},}

@inproceedings{Daemen:1998:BCR:646692.759487,
author = {Daemen, Joan and Rijmen, Vincent},
title = {The Block Cipher Rijndael},
booktitle = {Proceedings of the The International Conference on Smart Card Research and Applications},
year = {2000},
isbn = {3-540-67923-5},
pages = {277--284},
numpages = {8},
url = {http://dl.acm.org/citation.cfm?id=646692.759487},
acmid = {759487},
publisher = {Springer-Verlag},
address = {London, UK},
}

@inproceedings{Sadeghi:2010:TCC:1875652.1875686,
 author = {Sadeghi, Ahmad-Reza and Schneider, Thomas and Winandy, Marcel},
 title = {Token-based cloud computing: secure outsourcing of data and arbitrary computations with lower latency},
 booktitle = {Proceedings of the 3rd international conference on Trust and trustworthy computing},
 series = {TRUST'10},
 year = {2010},
 isbn = {3-642-13868-3, 978-3-642-13868-3},
 location = {Berlin, Germany},
 pages = {417--429},
 numpages = {13},
 url = {http://dl.acm.org/citation.cfm?id=1875652.1875686},
 acmid = {1875686},
 publisher = {Springer-Verlag},
 address = {Berlin, Heidelberg},
 keywords = {cloud computing, hardware token, outsourcing},
} 

@inproceedings{KSANZ2009,
   author = {Kil, Chongkyung and Sezer, Emre C. and Azab, Ahmed M. and Ning, Peng and Zhang, Xiaolan},
   booktitle = {Proceedings of the 39th Annual IEEE/IFIP International Conference on Dependable Systems and Networks (DSN 2009)},
   citeulike-article-id = {5538844},
   keywords = {integrity, runtime-attestation, trusted-computing},
   posted-at = {2009-08-21 18:02:02}

@misc{Intel-UEFI,
       title = {Trusted Platforms UEFI, PI and TCG-based firmware},
       organization = {Intel},
       howpublished = "\url{http://download.intel.com/technology/efi/SF09_EFIS001_UEFI_PI_TCG_White_Paper.pdf}",
       month = {September},
       year = {2009},
}